<?xml version="1.0" encoding="UTF-8"?><collection xmlns="http://www.loc.gov/MARC21/slim"><record><leader>00352nam--2200121-i-4500</leader><controlfield tag="001">000003688</controlfield><controlfield tag="002">20161230</controlfield><controlfield tag="005">20161230201025</controlfield><controlfield tag="008">060222s1000------------r-----000-0-eng-d</controlfield><datafield ind1=" " ind2=" " tag="100"><subfield code="a">Beskov,S.D</subfield></datafield><datafield ind1=" " ind2=" " tag="245"><subfield code="a">Calcule tehnico-chimice.anexa ii. nomograme si diagrame traducere din limba rusa</subfield></datafield><datafield ind1=" " ind2=" " tag="260"><subfield code="a">/Bucuresti/,Ed.Tehnica,1953.23diagr.+652p</subfield></datafield><datafield ind1=" " ind2=" " tag="852"><subfield code="a">2152</subfield></datafield></record></collection>